@book{vandevoorde:2017,
  author={David Vandevoorde and Nicolai Josuttis and Douglas Gregor},
  title={C++ Templates: The Complete Guide},
  publisher={Addison Wesley},
  year={2017},

  series={},
  edition={2},
  month=nov,
}
